% Articles publiés

@Article{HarPeled98,
  author =	"Har-Peled",
  title =	"An Output Sensitive Algorithm for Discrete Convex
		 Hulls",
  journal =	"CGTA: Computational Geometry: Theory and
		 Applications",
  volume =	"10",
  year = 	"1998",
}

@Article{EdeKirSei83,
  author =	"Edelsbrunner and Kirkpatrick and Seidel",
  title =	"On the Shape of a Set of Points in the Plane",
  journal =	"IEEETIT: IEEE Transactions on Information Theory",
  volume =	"29",
  year = 	"1983",
}

@article{Goldberg:1991:CSK:103162.103163,
 author = {Goldberg, David},
 title = {What every computer scientist should know about floating-point arithmetic},
 journal = {ACM Comput. Surv.},
 issue_date = {March 1991},
 volume = {23},
 number = {1},
 month = mar,
 year = {1991},
 issn = {0360-0300},
 pages = {5--48},
 numpages = {44},
 url = {http://doi.acm.org/10.1145/103162.103163},
 doi = {10.1145/103162.103163},
 acmid = {103163},
 publisher = {ACM},
 address = {New York, NY, USA},
 keywords = {NaN, denormalized number, exception, floating-point, floating-point standard, gradual underflow, guard digit, overflow, relative error, rounding error, rounding mode, ulp, underflow},
} 

@article{Rosenfeld:1970:CDP:321556.321570,
 author = {Rosenfeld, Azriel},
 title = {Connectivity in Digital Pictures},
 journal = {J. ACM},
 issue_date = {Jan. 1970},
 volume = {17},
 number = {1},
 month = jan,
 year = {1970},
 issn = {0004-5411},
 pages = {146--160},
 numpages = {15},
 url = {http://doi.acm.org/10.1145/321556.321570},
 doi = {10.1145/321556.321570},
 acmid = {321570},
 publisher = {ACM},
 address = {New York, NY, USA},
} 

% Articles de conférence

@InProceedings{RoussillonL11,
  title =	"Delaunay Properties of Digital Straight Segments",
  author =	"Tristan Roussillon and Jacques-Olivier Lachaud",
  bibdate =	"2011-04-04",
  bibsource =	"DBLP,
		 http://dblp.uni-trier.de/db/conf/dgci/dgci2011.html#RoussillonL11",
  booktitle =	"Discrete Geometry for Computer Imagery - 16th {IAPR}
		 International Conference, {DGCI} 2011, Nancy, France,
		 April 6-8, 2011. Proceedings",
  publisher =	"Springer",
  year = 	"2011",
  volume =	"6607",
  editor =	"Isabelle Debled-Rennesson and Eric Domenjoud and
		 Bertrand Kerautret and Philippe Even",
  ISBN = 	"978-3-642-19866-3",
  pages =	"308--319",
  series =	"Lecture Notes in Computer Science",
  URL =  	"http://dx.doi.org/10.1007/978-3-642-19867-0",
}


% Livres

@Book{IB-C992511,
  author =	"Mark de Berg and Mark van Kreveld and Mark Overmars
		 and Otfried Schwarzkopf",
  title =	"Computational Geometry Algorithms and Applications",
  publisher =	"Springer-Verlag",
  address =	"Berlin Heidelberg",
  year = 	"1997",
  ISBN = 	"3-540-61270-x",
  descriptor =	"Geometrische Algorithmen",
}

% Divers -- Web

% licence
@misc{GPLv3,
  author = "GNU",
  title = {{Licence} GPLv3},
  url = "\url{http://www.gnu.org/licenses/gpl-3.0.txt}"
}

@misc{boost-licence,
  author = "Boost",
  title = {Licence},
  url = "\url{http://www.boost.org/users/license.html}"
}

% Librairie
@misc{boost,
  author = "Boost",
  title = {Site Web},
  url = "\url{http://www.boost.org/}"
}

@misc{DGtal,
  author = "DGtal",
  title = {Site Web},
  url = "\url{http://libdgtal.org/}"
}

% Perso
@misc{github-tristan,
  author = "GITHUB",
  title = {T. Roussillon},
  url = "\url{https://github.com/troussil}"
}

@misc{github-moi,
  author = "GITHUB",
  title = {T. Lafond},
  url = "\url{https://github.com/homeostasie}"
}











